@article{peraza2019sustained,
  title={Sustained rotation in a vibrated disk with asymmetric supports},
  author={Peraza-Mues, Gonzalo G and Moukarzel, Cristian F},
  journal={Journal of Statistical Mechanics: Theory and Experiment},
  volume={2019},
  number={10},
  pages={103201},
  year={2019},
  publisher={IOP Publishing}
}

@article{ModellingAutonomousVehicles,
  title={AUTONOMOUS VEHICLES - WHAT COULD THIS MEAN FOR THE FUTURE OF TRANSPORT?},
  author={Davidson, Peter and Spinoulas, Anabelle},
  journal={AITPM 2015 National Conference},
  volume={2015},
  number={01},
  pages={15},
  year={2015},
  publisher={AITPM 2015 National Conference}
}

@article{AutoModelCarRuleBook2019,
  title={Torneo Mexicano de Robótica​®​ 2019 - Categoría: AutoModelCar},
  author={Negrete, Marco; Morales, America; Sossa, Humberto; Castelan, Mario and Morales, Marco},
  journal={Federacion Mexicana de Robotica},
  volume={2019},
  number={01},
  pages={19},
  year={2019},
  publisher={Federacion Mexicana de Robotica}
}

@online{nhtsa,
    author = "United States Department of Transportation",
    title = "Automated Vehicles for Safety",
    url  = "https://www.nhtsa.gov/technology-innovation/automated-vehicles-safety",
    addendum = "(accessed: 02.10.2019)",
    keywords = "autonomous,vehicle"
}

@online{DARPA,
    author = "Defense Advanced Research Projects Agency (DARPA)",
    title = "The Grand Challenge",
    url  = "https://www.darpa.mil/about-us/timeline/-grand-challenge-for-autonomous-vehicles",
    addendum = "(accessed: 02.10.2019)",
    keywords = "autonomous,vehicle, challenge"
}

@online{RAND,
    author = "James M. Anderson",
    title = "Autonomous Vehicle Technology",
    url  = "https://www.rand.org/pubs/research_briefs/RB9755.html?utm_source=t.co&utm_medium=rand_social",
    addendum = "(accessed: 02.10.2019)",
    keywords = "autonomous,vehicle, technology, communication systems, traffic accidents"
}